../dejafu-technical-report/references.bib