@inproceedings{parmonad,
  title={{A Monad for Deterministic Parallelism}},
  author={Marlow, Simon and Newton, Ryan and Peyton Jones, Simon},
  booktitle={{Proceedings of the 4th ACM Symposium on Haskell}},
  series={Haskell '11},
  year={2011},
  pages={71--82},
  publisher={ACM}
}

@inproceedings{empirical,
  title={{Concurrency Testing Using Schedule Bounding: an Empirical Study}},
  author={Thomson, Paul and Donaldson, Alastair F and Betts, Adam},
  booktitle={Proceedings of the 19th ACM SIGPLAN symposium on Principles and practice of parallel programming},
  pages={15--28},
  year={2014},
  organization={ACM}
}

@inproceedings{pbound,
  title={{Iterative Context Bounding for Systematic Testing of Multithreaded Programs}},
  author={Musuvathi, Madanlal and Qadeer, Shaz},
  booktitle={{Proceedings of the 2007 ACM SIGPLAN Conference on Programming Language Design and Implementation}},
  series={{PLDI '07}},
  year={2007},
  pages={446--455},
  publisher={ACM}
}

@book{parconc,
  title={{Parallel and Concurrent Programming in Haskell: Techniques for Multicore and Multithreaded Programming}},
  author={Marlow, S.},
  isbn={9781449335922},
  year={2013},
  publisher={O'Reilly Media}
}

@inproceedings{strategies,
  title={{Seq No More: Better Strategies for Parallel Haskell}},
  author={Marlow, Simon and Maier, Patrick and Loidl, Hans-Wolfgang and Aswad, Mustafa K. and Trinder, Phil},
  booktitle={{Proceedings of the Third ACM Haskell Symposium on Haskell}},
  series={Haskell '10},
  year={2010},
  pages={91--102},
  publisher={ACM}
}

@book{monadconc,
  title={{A Concurrency Monad Based on Constructor Primitives, or, Being First-Class is Not Enough}},
  author={Scholz, Enno},
  year={1995},
  publisher={Freie Univ., Fachbereich Mathematik}
}

@online{typeclass,
  title={{Haskell. Testing a Multithreaded Application}},
  author={Ankuzik},
  year={2014},
  url={http://kukuruku.co/hub/haskell/haskell-testing-a-multithread-application},
  urldate={2015-01-15}
}

@inproceedings{maple,
  title={{Maple: A Coverage-driven Testing Tool for Multithreaded Programs}},
  author={Yu, Jie and Narayanasamy, Satish and Pereira, Cristiano and Pokam, Gilles},
  booktitle={{Proceedings of the ACM International Conference on Object Oriented Programming Systems Languages and Applications}},
  series={OOPSLA '12},
  year={2012},
  pages={485--502},
  publisher={ACM}
}

@inproceedings{lvish,
  title={{Taming the parallel effect zoo: Extensible deterministic parallelism with LVish}},
  author={Kuper, Lindsey and Todd, Aaron and Tobin-Hochstadt, Sam and Newton, Ryan R},
  booktitle={Proceedings of the 35th ACM SIGPLAN Conference on Programming Language Design and Implementation},
  pages={2--14},
  year={2014},
  organization={ACM}
}

@online{ioref,
  title={{Data.IORef}},
  author={{GHC Base Libraries}},
  year={2015},
  url={https://hackage.haskell.org/package/base-4.7.0.2/docs/Data-IORef.html#g:2},
  urldate={2015-02-24}
}

@inproceedings{pulse,
  title={{Finding race conditions in Erlang with QuickCheck and PULSE}},
  author={Claessen, Koen and Palka, Michal and Smallbone, Nicholas and Hughes, John and Svensson, Hans and Arts, Thomas and Wiger, Ulf},
  booktitle={{Proceedings of the 14th ACM SIGPLAN International Conference on Functional Programming}},
  series={ICFP '09},
  year={2009},
  pages={149--160},
  publisher={ACM}
}

@inproceedings{cloudhaskell,
  title={{Towards Haskell in the cloud}},
  author={Epstein, Jeff and Black, Andrew P and Peyton-Jones, Simon},
  booktitle={{Proceedings of the 4th ACM Symposium on Haskell}},
  series={Haskell '11},
  year={2011},
  pages={118--129},
  publisher={ACM}
}

@inproceedings{threadscope,
  title={{Parallel performance tuning for Haskell}},
  author={Jones Jr, Don and Marlow, Simon and Singh, Satnam},
  booktitle={Proceedings of the 2nd ACM SIGPLAN symposium on Haskell},
  pages={81--92},
  year={2009},
  organization={ACM}
}

@inproceedings{dpor,
  title={Dynamic partial-order reduction for model checking software},
  author={Flanagan, Cormac and Godefroid, Patrice},
  booktitle={{Proceedings of the 32nd ACM SIGPLAN-SIGACT Symposium on Principles of Programming Languages}},
  series={POPL '05},
  year={2005},
  pages={110--121},
  publisher={ACM}
}

@online{autoupdate,
  title={{Announcing auto-update}},
  author={Snoyman, Michael},
  year={2014},
  url={http://www.yesodweb.com/blog/2014/08/announcing-auto-update},
  urldate={2015-06-03}
}

@online{parreddit,
  title={{Parallel and Concurrent Programming in Haskell (online version, part of Atlas beta)}},
  year={2014},
  url={https://www.reddit.com/r/haskell/comments/1iwr7x/parallel_and_concurrent_programming_in_haskell/cb8x76p},
  urldate={2015-06-03}
}

@online{dejafu,
  author = {Michael Walker and Colin Runciman},
  title  = {{{D\'{e}j\`{a} Fu}: A Concurrency Testing Library for Haskell}},
  url    = {http://www.barrucadu.co.uk/papers/dejafu-hs15.pdf},
  note   = {Submitted for publication},
  year   = {2015}
}

@inproceedings{haxl,
  author    = {Marlow, Simon and Brandy, Louis and Coens, Jonathan and Purdy, Jon},
  title     = {{There is No Fork: An Abstraction for Efficient, Concurrent, and Concise Data Access}},
  booktitle = {Proceedings of the 19th ACM SIGPLAN International Conference on Functional Programming},
  series    = {ICFP '14},
  year      = {2014},
  pages     = {325--337},
  numpages  = {13},
  publisher = {ACM}
}

@book{hutton,
  author    = {Graham Hutton},
  title     = {{Programming in Haskell}},
  publisher = {Cambridge University Press},
  month     = jan,
  year      = 2007
}

@article{spec,
  author    = {F. Warren Burton},
  title     = {{Speculative Computation, Parallelism, and Functional Programming}},
  journal   = {{IEEE} Trans. Computers},
  volume    = {34},
  number    = {12},
  pages     = {1190--1193},
  year      = {1985},
}

@inproceedings{par,
  title={{A Monad for Deterministic Parallelism}},
  author={Marlow, Simon and Newton, Ryan and Peyton Jones, Simon},
  booktitle={{Proceedings of the 4th ACM Symposium on Haskell}},
  series={Haskell '11},
  year={2011},
  pages={71--82},
  publisher={ACM}
}

@inproceedings{gp2,
  author    = {Christopher Bak and Glyn Faulkner and Detlef Plump and Colin Runciman},
  title     = {A Reference Interpreter for the Graph Programming Language {GP 2}},
  booktitle = {Proc.\ Graphs as Models (GaM 2015)},
  series    = {Electronic Proceedings in Theoretical Computer Science}, 
  volume    = {181}, 
  pages     = {48--64},
  year      = {2015},
  pdf       = {http://www.cs.york.ac.uk/plasma/publications/pdf/BakFaulknerPlumpRunciman.GaM15.pdf},
  doi       = {10.4204/EPTCS.181}
}

@inproceedings{parsat,
  author    = {Cope, Michelle and Gent, Ian P. and Hammond, Kevin},
  title     = {{Parallel Heuristic Search in Haskell}},
  booktitle = {Selected Papers from the 2Nd Scottish Functional Programming Workshop (SFP00)},
  year      = {2000},
  isbn      = {1-84150-058-5},
  pages     = {65--76},
  numpages  = {12},
  publisher = {Intellect Books},
  address   = {Exeter, UK, UK},
}

@inproceedings{gum,
  author    = {Philip W. Trinder and Kevin Hammond and James S. {Mattson Jr.} and Andrew S. Partridge and Simon L. {Peyton Jones}},
  title     = {{GUM}: a portable parallel implementation of {H}askell},
  booktitle = {Proceedings of Programming Language Design and Implementation},
  year      = {1996},
  address   = {Philadephia, USA}
}

@online{searchparty,
  author = {Michael Walker and Colin Runciman},
  title  = {{Search Party: a Haskell library for speculative parallelism in generate-and-test searches}},
  url    = {http://www.barrucadu.co.uk/papers/searchparty-hs15.pdf},
  note   = {Submitted for publication},
  year   = {2015}
}
