@proceedings{rv01,
  title     = {{Runtime Verification (2001)}},
  booktitle = {Runtime Verification (2001)},
  volume    = 55,
  issue     = 2,
  series    = {Electronic Notes in Theoretical Computer Science},
  publisher = {Elsevier},
  address   = {Paris, France},
  year      = {2001}
}

@article{eiffel,
  title     = {Eiffel: A language and environment for software engineering},
  author    = {Meyer, Bertrand},
  journal   = {Journal of Systems and Software},
  volume    = {8},
  number    = {3},
  pages     = {199--246},
  year      = {1988},
  publisher = {Elsevier}
}

@online{jml,
  title   = {{The Java Modeling Language (JML)}},
  url     = {http://www.jmlspecs.org},
  urldate = {2014-11-07}
}

@inproceedings{bcsl,
  author    = {Burdy, Lilian and Pavlova, Mariela},
  title     = {{Java Bytecode Specification and Verification}},
  booktitle = {Proceedings of the 2006 ACM Symposium on Applied Computing},
  series    = {SAC '06},
  year      = {2006},
  isbn      = {1-59593-108-2},
  location  = {Dijon, France},
  pages     = {1835--1839},
  numpages  = {5},
  url       = {http://doi.acm.org/10.1145/1141277.1141708},
  doi       = {10.1145/1141277.1141708},
  acmid     = {1141708},
  publisher = {ACM},
  address   = {New York, NY, USA},
}

@incollection{bml,
  year      = {2007},
  isbn      = {978-3-540-71288-6},
  booktitle = {Fundamental Approaches to Software Engineering},
  volume    = {4422},
  series    = {Lecture Notes in Computer Science},
  editor    = {Dwyer, Matthew B. and Lopes, Ant\'{o}nia},
  doi       = {10.1007/978-3-540-71289-3_18},
  title     = {{Preliminary Design of BML: A Behavioral Interface Specification Language for Java Bytecode}},
  url       = {http://dx.doi.org/10.1007/978-3-540-71289-3_18},
  publisher = {Springer Berlin Heidelberg},
  author    = {Burdy, Lilian and Huisman, Marieke and Pavlova, Mariela},
  pages     = {215-229},
  language  = {English}
}

@article{jcontractor,
  title     = {{jContractor: Bytecode instrumentation techniques for implementing design by contract in Java}},
  author    = {Abercrombie, Parker and Karaorman, Murat},
  journal   = {Electronic Notes in Theoretical Computer Science},
  volume    = {70},
  number    = {4},
  pages     = {55--79},
  year      = {2002},
  publisher = {Elsevier}
}

@inproceedings{ezcontract,
  title        = {{ezContract: Using Marker Library and Bytecode Instrumentation to Support Design by Contract in Java}},
  author       = {Cheng, Yu Chin and Chen, Chien-Tsun and Hsieh, Chin-Yun},
  booktitle    = {Software Engineering Conference, 2007. APSEC 2007. 14th Asia-Pacific},
  pages        = {502--509},
  year         = {2007},
  organization = {IEEE}
}

@inproceedings{javamop,
  author    = {Jin, Dongyun and Meredith, Patrick O'Neil and Lee, Choonghwan and Ro\c{s}u, Grigore},
  title     = {{JavaMOP: Efficient Parametric Runtime Monitoring Framework}},
  booktitle = {Proceedings of the 34th International Conference on Software Engineering},
  series    = {ICSE '12},
  year      = {2012},
  isbn      = {978-1-4673-1067-3},
  location  = {Zurich, Switzerland},
  pages     = {1427--1430},
  numpages  = {4},
  url       = {http://dl.acm.org/citation.cfm?id=2337223.2337436},
  acmid     = {2337436},
  publisher = {IEEE Press},
  address   = {Piscataway, NJ, USA},
}

@phdthesis{javamop-thesis,
  title  = {Efficient, expressive, and effective runtime verification},
  author = {Meredith, Patrick O’Neil},
  year   = {2012},
  school = {University of Illinois}
}

@article{integ,
  title     = {Integrated static code analysis and runtime verification},
  author    = {S{\"o}zer, H},
  journal   = {Software: Practice and Experience},
  year      = {2014},
  publisher = {Wiley Online Library}
}

@article{rice,
  title     = {Classes of Recursively Enumerable Sets and Their Decision Problems},
  author    = {Rice, H. G.},
  journal   = {Transactions of the American Mathematical Society},
  volume    = {74},
  number    = {2},
  pages     = {pp. 358-366},
  url       = {http://www.jstor.org/stable/1990888},
  ISSN      = {00029947},
  abstract  = {},
  language  = {English},
  year      = {1953},
  publisher = {American Mathematical Society},
  copyright = {Copyright © 1953 American Mathematical Society},
}

@article{statver,
  title     = {{Static verification of dynamically detected program invariants: Integrating Daikon and ESC/Java}},
  author    = {Nimmer, Jeremy W and Ernst, Michael D},
  journal   = {Electronic Notes in Theoretical Computer Science},
  volume    = {55},
  number    = {2},
  pages     = {255--276},
  year      = {2001},
  publisher = {Elsevier}
}

@article{cspthy,
  author     = {Brookes, S. D. and Hoare, C. A. R. and Roscoe, A. W.},
  title      = {{A Theory of Communicating Sequential Processes}},
  journal    = {J. ACM},
  issue_date = {July 1984},
  volume     = {31},
  number     = {3},
  month      = jun,
  year       = {1984},
  issn       = {0004-5411},
  pages      = {560--599},
  numpages   = {40},
  url        = {http://doi.acm.org/10.1145/828.833},
  doi        = {10.1145/828.833},
  acmid      = {833},
  publisher  = {ACM},
  address    = {New York, NY, USA},
}

@article{eres,
  title     = {Generating optimal monitors for extended regular expressions},
  author    = {Sen, Koushik and Ro{\c{s}}u, Grigore},
  journal   = {Electronic Notes in Theoretical Computer Science},
  volume    = {89},
  number    = {2},
  pages     = {226--245},
  year      = {2003},
  publisher = {Elsevier}
}

@article{alto,
  title     = {Checking finite traces using alternating automata},
  author    = {Finkbeiner, Bernd and Sipma, Henny},
  journal   = {Formal Methods in System Design},
  volume    = {24},
  number    = {2},
  pages     = {101--127},
  year      = {2004},
  publisher = {Springer}
}

@inproceedings{compensate,
  title     = {Compensation-aware runtime monitoring},
  author    = {Colombo, Christian and Pace, Gordon J and Abela, Patrick},
  booktitle = {Runtime Verification},
  pages     = {214--228},
  year      = {2010},
  publisher = {Springer}
}

@inproceedings{enforce,
  title     = {You should better enforce than verify},
  author    = {Falcone, Yli{\`e}s},
  booktitle = {Runtime Verification},
  pages     = {89--105},
  year      = {2010},
  publisher = {Springer}
}