@Book{pratchett2001,
 author = {Pratchett, Terry},
 title = {Thief of Time},
 publisher = {HarperCollins},
 year = {2001},
 address = {New York},
}

@inproceedings{overrated,
  author = {Junfeng Yang and Heming Cui and Jingyue Wu},
  title = {{Determinism Is Overrated: What Really Makes Multithreaded Programs Hard to Get Right and What Can Be Done About It}},
  booktitle = {Presented at the 5th USENIX Workshop on Hot Topics in Parallelism},
  year = {2013},
  address = {Berkeley, CA}
}

@article{therac25,
  author={Leveson, N.G. and Turner, C.S.},
  journal={Computer},
  title={{An investigation of the Therac-25 accidents}},
  year={1993},
  month={July},
  volume={26},
  number={7},
  pages={18-41},
}

@article{diningphilosophers,
  year={1971},
  journal={Acta Informatica},
  volume={1},
  number={2},
  title={Hierarchical ordering of sequential processes},
  url={http://dx.doi.org/10.1007/BF00289519},
  publisher={Springer-Verlag},
  author={Dijkstra, E.W.},
  pages={115-138},
  language={English}
}

@article{santaclaus,
  author = {Trono, John A.},
  title = {A New Exercise in Concurrency},
  journal = {SIGCSE Bull.},
  issue_date = {Sept. 1994},
  volume = {26},
  number = {3},
  month = sep,
  year = {1994},
  pages = {8--10},
  numpages = {3},
  url = {http://doi.acm.org/10.1145/187387.187391},
  publisher = {ACM},
  address = {New York, NY, USA},
}

@inproceedings{concurrent,
 author = {Peyton Jones, Simon and Gordon, Andrew and Finne, Sigbjorn},
 title = {{Concurrent Haskell}},
 booktitle = {Proceedings of the 23rd ACM SIGPLAN-SIGACT Symposium on Principles of Programming Languages},
 series = {POPL '96},
 year = {1996},
 pages = {295--308},
 publisher = {ACM},
}

@inproceedings{empirical,
  title={{Concurrency Testing Using Schedule Bounding: an Empirical Study}},
  author={Thomson, Paul and Donaldson, Alastair F and Betts, Adam},
  booktitle={Proceedings of the 19th ACM SIGPLAN symposium on Principles and practice of parallel programming},
  pages={15--28},
  year={2014},
  organization={ACM}
}

@inproceedings{pbound,
  title={{Iterative Context Bounding for Systematic Testing of Multithreaded Programs}},
  author={Musuvathi, Madanlal and Qadeer, Shaz},
  booktitle={{Proceedings of the 2007 ACM SIGPLAN Conference on Programming Language Design and Implementation}},
  series={{PLDI '07}},
  year={2007},
  pages={446--455},
  publisher={ACM}
}

@inproceedings{dpor,
  title={Dynamic partial-order reduction for model checking software},
  author={Flanagan, Cormac and Godefroid, Patrice},
  booktitle={{Proceedings of the 32nd ACM SIGPLAN-SIGACT Symposium on Principles of Programming Languages}},
  series={POPL '05},
  year={2005},
  pages={110--121},
  publisher={ACM}
}

@inproceedings{heisenbugs,
 author = {Musuvathi, Madanlal and Qadeer, Shaz and Ball, Thomas and Basler, Gerard and Nainar, Piramanayagam Arumuga and Neamtiu, Iulian},
 title = {{Finding and Reproducing Heisenbugs in Concurrent Programs}},
 booktitle = {Proceedings of the 8th USENIX Conference on Operating Systems Design and Implementation},
 series = {OSDI'08},
 year = {2008},
 pages = {267--280},
 publisher = {USENIX Association},
}

@inproceedings{pulse,
  title={{Finding race conditions in Erlang with QuickCheck and PULSE}},
  author={Claessen, Koen and Palka, Michal and Smallbone, Nicholas and Hughes, John and Svensson, Hans and Arts, Thomas and Wiger, Ulf},
  booktitle={{Proceedings of the 14th ACM SIGPLAN International Conference on Functional Programming}},
  series={ICFP '09},
  year={2009},
  pages={149--160},
  publisher={ACM}
}

@online{controlConcurrent,
  title={{Control.Concurrent}},
  author={{GHC Base Libraries}},
  year={2015},
  url={https://hackage.haskell.org/package/base-4.8.1.0/docs/Control-Concurrent.html#g:14},
  urldate={2015-10-02}
}

@inproceedings{bpor,
 author = {Coons, Katherine E. and Musuvathi, Madan and McKinley, Kathryn S.},
 title = {{Bounded Partial-order Reduction}},
 booktitle = {Proceedings of the 2013 ACM SIGPLAN International Conference on Object Oriented Programming Systems Languages \&\#38; Applications},
 series = {OOPSLA '13},
 year = {2013},
 pages = {833--848},
 publisher = {ACM},
}

@inproceedings{rdpor,
 author = {Zhang, Naling and Kusano, Markus and Wang, Chao},
 title = {Dynamic Partial Order Reduction for Relaxed Memory Models},
 booktitle = {Proceedings of the 36th ACM SIGPLAN Conference on Programming Language Design and Implementation},
 series = {PLDI 2015},
 year = {2015},
 pages = {250--259},
 publisher = {ACM},
}

@inproceedings{dbound,
  title={{Delay-bounded Scheduling}},
  author={Emmi, Michael and Qadeer, Shaz and Rakamari\'{c}, Zvonimir},
  booktitle={Proceedings of the 38th Annual ACM SIGPLAN-SIGACT Symposium on Principles of Programming Languages},
  series={{POPL '11}},
  year={2011},
  pages={411--422},
  publisher={ACM}
}

@inproceedings{fbound,
 author = {Musuvathi, Madanlal and Qadeer, Shaz},
 title = {{Fair Stateless Model Checking}},
 booktitle = {Proceedings of the 29th ACM SIGPLAN Conference on Programming Language Design and Implementation},
 series = {PLDI '08},
 year = {2008},
 pages = {362--371},
 publisher = {ACM},
} 

@online{autoupdate,
  title={{Announcing auto-update}},
  author={Snoyman, Michael},
  year={2014},
  url={http://www.yesodweb.com/blog/2014/08/announcing-auto-update},
  urldate={2015-06-03}
}

@inproceedings{parmonad,
  title={{A Monad for Deterministic Parallelism}},
  author={Marlow, Simon and Newton, Ryan and Peyton Jones, Simon},
  booktitle={{Proceedings of the 4th ACM Symposium on Haskell}},
  series={Haskell '11},
  year={2011},
  pages={71--82},
  publisher={ACM}
}

@online{parreddit,
  title={{Parallel and Concurrent Programming in Haskell (online version, part of Atlas beta)}},
  author={Various},
  year={2014},
  url={https://www.reddit.com/r/haskell/comments/1iwr7x/parallel_and_concurrent_programming_in_haskell/cb8x76p},
  urldate={2015-06-03}
}

@phdthesis{por,
 author = {Godefroid, Patrice},
 editor = {Leeuwen, J. van and Hartmanis, J. and Goos, G.},
 title = {{Partial-Order Methods for the Verification of Concurrent Systems: An Approach to the State-Explosion Problem}},
 year = {1996},
 publisher = {Springer-Verlag New York, Inc.},
} 

@inproceedings{c++11,
 author = {Batty, Mark and Owens, Scott and Sarkar, Susmit and Sewell, Peter and Weber, Tjark},
 title = {{Mathematizing C++ Concurrency}},
 booktitle = {Proceedings of the 38th Annual ACM SIGPLAN-SIGACT Symposium on Principles of Programming Languages},
 series = {POPL '11},
 year = {2011},
 pages = {55--66},
 publisher = {ACM},
} 

@inproceedings{quickspec,
 author = {Claessen, Koen and Smallbone, Nicholas and Hughes, John},
 title = {{QuickSpec: Guessing Formal Specifications Using Testing}},
 booktitle = {Proceedings of the 4th International Conference on Tests and Proofs},
 series = {TAP'10},
 year = {2010},
 pages = {6--21},
 publisher = {Springer-Verlag},
}

@inproceedings{replicated,
 author = {Burckhardt, Sebastian and Gotsman, Alexey and Yang, Hongseok and Zawirski, Marek},
 title = {{Replicated Data Types: Specification, Verification, Optimality}},
 booktitle = {Proceedings of the 41st ACM SIGPLAN-SIGACT Symposium on Principles of Programming Languages},
 series = {POPL '14},
 year = {2014},
 pages = {271--284},
 publisher = {ACM},
} 

@inproceedings{rapos,
 author = {Sen, Koushik},
 title = {{Effective Random Testing of Concurrent Programs}},
 booktitle = {Proceedings of the Twenty-second IEEE/ACM International Conference on Automated Software Engineering},
 series = {ASE '07},
 year = {2007},
 pages = {323--332},
 publisher = {ACM},
}

@inproceedings{racefuzzer,
 author = {Sen, Koushik},
 title = {{Race Directed Random Testing of Concurrent Programs}},
 booktitle = {Proceedings of the 29th ACM SIGPLAN Conference on Programming Language Design and Implementation},
 series = {PLDI '08},
 year = {2008},
 pages = {11--21},
 publisher = {ACM},
}

@inproceedings{procrastination,
 author = {Arts, Thomas and Hughes, John and Norell, Ulf and Smallbone, Nicholas and Svensson, Hans},
 title = {{Accelerating Race Condition Detection Through Procrastination}},
 booktitle = {Proceedings of the 10th ACM SIGPLAN Workshop on Erlang},
 series = {Erlang '11},
 year = {2011},
 pages = {14--22},
 publisher = {ACM},
} 

@article{empirical2,
  title={Concurrency Testing Using Controlled Schedulers: An Empirical Study},
  author={Thomson, Paul and Donaldson, Alastair F and Betts, Adam},
  year={2015}
}

@online{typeclass,
  title={{Testing a Multithreaded Application}},
  author={Ankuzik},
  year={2014},
  url={http://kukuruku.co/hub/haskell/haskell-testing-a-multithread-application},
  urldate={2015-01-15}
}

@inproceedings{dejafu,
  author    = {Walker, Michael and Runciman, Colin},
  title     = {{D{\'e}j\`{a} Fu: A Concurrency Testing Library for Haskell}},
  booktitle = {Proceedings of the 8th ACM SIGPLAN Symposium on Haskell},
  series    = {Haskell 2015},
  year      = {2015},
  pages     = {141--152},
  publisher = {ACM},
}

@inproceedings{stm,
 author = {Shavit, Nir and Touitou, Dan},
 title = {{Software Transactional Memory}},
 booktitle = {Proceedings of the Fourteenth Annual ACM Symposium on Principles of Distributed Computing},
 series = {PODC '95},
 year = {1995},
 pages = {204--213},
 publisher = {ACM},
}

@article{hsrv,
 author = {Stolz, Volker and Huch, Frank},
 title = {{Runtime Verification of Concurrent Haskell Programs}},
 journal = {Electron. Notes Theor. Comput. Sci.},
 volume = {113},
 number = {C},
 year = {2005},
 pages = {201--216},
 publisher = {Elsevier Science Publishers B. V.},
}

@article{ltl,
 author = {Bauer, Andreas and Leucker, Martin and Schallhart, Christian},
 title = {{Runtime Verification for LTL and TLTL}},
 journal = {ACM Trans. Softw. Eng. Methodol.},
 volume = {20},
 year = {2011},
 pages = {14:1--14:64},
 publisher = {ACM},
} 

@inproceedings{autopar,
  author = {G. Tremblay and G. R. Gao},
  title = {{The Impact of Laziness on Parallelism and the Limits of Strictness Analysis}},
  booktitle = {PROCEEDINGS HIGH PERFORMANCE FUNCTIONAL COMPUTING},
  year = {1995},
  pages = {119--133},
  publisher = {}
}