@inproceedings{yang2013,
  author = {Junfeng Yang and Heming Cui and Jingyue Wu},
  title = {{Determinism Is Overrated: What Really Makes Multithreaded Programs Hard to Get Right and What Can Be Done About It}},
  booktitle = {Presented at the 5th USENIX Workshop on Hot Topics in Parallelism},
  year = {2013},
  address = {Berkeley, CA}
}

@article{leveson1993,
  author={Leveson, N.G. and Turner, C.S.},
  journal={Computer},
  title={{An investigation of the Therac-25 accidents}},
  year={1993},
  month={July},
  volume={26},
  number={7},
  pages={18-41},
}

@inproceedings{musuvathi2007,
  title={{Iterative Context Bounding for Systematic Testing of Multithreaded Programs}},
  author={Musuvathi, Madanlal and Qadeer, Shaz},
  booktitle={{Proceedings of the 2007 ACM SIGPLAN Conference on Programming Language Design and Implementation}},
  series={{PLDI '07}},
  year={2007},
  pages={446--455},
  publisher={ACM}
}

@article{emmi2011,
  author = {Emmi, Michael and Qadeer, Shaz and Rakamari\'{c}, Zvonimir},
  title = {{Delay-bounded Scheduling}},
  journal = {{SIGPLAN Not.}},
  volume = {46},
  number = {1},
  month = jan,
  year = {2011},
  pages = {411--422},
  numpages = {12},
  publisher = {ACM},
  address = {New York, NY, USA}
}

@inproceedings{musuvathi2008,
  title={{Finding and Reproducing Heisenbugs in Concurrent Programs}},
  author={Musuvathi, Madanlal and Qadeer, Shaz and Ball, Thomas and Basler, Gerard and Nainar, Piramanayagam Arumuga and Neamtiu, Iulian},
  booktitle={OSDI},
  volume={8},
  pages={267--280},
  year={2008}
}

@inproceedings{thomson2014,
  title={{Concurrency Testing Using Schedule Bounding: an Empirical Study}},
  author={Thomson, Paul and Donaldson, Alastair F and Betts, Adam},
  booktitle={Proceedings of the 19th ACM SIGPLAN symposium on Principles and practice of parallel programming},
  pages={15--28},
  year={2014},
  organization={ACM}
}

@inproceedings{walker2015,
  author    = {Walker, Michael and Runciman, Colin},
  title     = {{D{\'e}j\`{a} Fu: A Concurrency Testing Library for Haskell}},
  booktitle = {Proceedings of the 8th ACM SIGPLAN Symposium on Haskell},
  series    = {Haskell 2015},
  year      = {2015},
  pages     = {141--152},
  publisher = {ACM},
}

@inproceedings{zhang2015,
 author = {Zhang, Naling and Kusano, Markus and Wang, Chao},
 title = {Dynamic Partial Order Reduction for Relaxed Memory Models},
 booktitle = {Proceedings of the 36th ACM SIGPLAN Conference on Programming Language Design and Implementation},
 series = {PLDI 2015},
 year = {2015},
 pages = {250--259},
 publisher = {ACM},
}

@techreport{YCS-2016-503,
  author      = {Walker, Michael},
  title       = {{D{\'e}j\`{a} Fu}: {A} Concurrency Testing Library for {Haskell}},
  year        = {2016},
  date-added  = {2016-03-07},
  numpages    = {49},
  url         = {https://www.cs.york.ac.uk/ftpdir/reports/2016/YCS/503/YCS-2016-503.pdf},
  institution = {University of York, Department of Computer Science},
  keywords    = {Concurrency, Haskell, functional programming, nondeterminism, systematic concurrency testing, partial order reduction},
}
